@article{heerAnimated,
 author = {Heer, Jeffrey and Robertson, George},
 title = {Animated Transitions in Statistical Data Graphics},
 journal = {IEEE Transactions on Visualization and Computer Graphics},
 issue_date = {November 2007},
 volume = {13},
 number = {6},
 month = nov,
 year = {2007},
 issn = {1077-2626},
 pages = {1240--1247},
 numpages = {8},
 url = {http://dx.doi.org/10.1109/TVCG.2007.70539},
 doi = {10.1109/TVCG.2007.70539},
 acmid = {1313153},
 publisher = {IEEE Educational Activities Department},
 address = {Piscataway, NJ, USA},
 keywords = {Statistical data graphics, Statistical data graphics, animation, transitions, information visualization, design, experiment, animation, design, experiment, information visualization, transitions},
}

@article{liaoStorytellingNavigation,
 title={Storytelling via Navigation: A Novel Approach to Animation for Scientific Visualization},
 author={Liao, Isaac and Hsu, Wei-Hsien and Ma, Kwan-Liu},
 journal={Smart Graphics},
 year={2014},
 publisher={Springer International Publishing},
 address={Cham},
 pages={1--14},
 isbn={978-3-319-11650-1},
}

@ARTICLE{segelNarrative, 
author={E. Segel and J. Heer}, 
journal={IEEE Transactions on Visualization and Computer Graphics}, 
title={Narrative Visualization: Telling Stories with Data}, 
year={2010}, 
volume={16}, 
number={6}, 
pages={1139-1148}, 
doi={10.1109/TVCG.2010.179}, 
ISSN={1077-2626}, 
month={Nov},}

@ARTICLE{HullmanSeqNarrative, 
author={J. Hullman and S. Drucker and N. Henry Riche and B. Lee and D. Fisher and E. Adar}, 
journal={IEEE Transactions on Visualization and Computer Graphics}, 
title={A Deeper Understanding of Sequence in Narrative Visualization}, 
year={2013}, 
volume={19}, 
number={12}, 
pages={2406-2415}, 
doi={10.1109/TVCG.2013.119}, 
ISSN={1077-2626}, 
month={Dec},}

@ARTICLE{RuchiVisAnalogy, 
author={P. Ruchikachorn and K. Mueller}, 
journal={IEEE Transactions on Visualization and Computer Graphics}, 
title={Learning Visualizations by Analogy: Promoting Visual Literacy through Visualization Morphing}, 
year={2015}, 
volume={21}, 
number={9}, 
pages={1028-1044}, 
keywords={computer literacy;computer science education;data visualisation;teaching;associated transition strategy;data table;hierarchical pie chart;hyperbox;linear chart;parallel coordinates;scatterplot matrix;spiral chart;textual description;treemap;unfamiliar visualization teaching method;visual literacy;visualization by analogy learning;visualization morphing;Animation;Data visualization;Education;Joining processes;Layout;Spirals;Visualization;Animation;Education;Information Visualization;Interaction;Literacy;Multivariate Visualization;education;information visualization;interaction;literacy;multivariate visualization}, 
doi={10.1109/TVCG.2015.2413786}, 
ISSN={1077-2626}, 
month={Sept},}
